<?xml version='1.0' encoding='UTF-8'?>
<record xmlns="http://www.loc.gov/MARC21/slim">
  <leader>01154cam a2200277 a 4500</leader>
  <controlfield tag="001">3266753</controlfield>
  <controlfield tag="003">NjP</controlfield>
  <controlfield tag="005">20171221001420.0</controlfield>
  <controlfield tag="008">000327r18991999ua            00010 ara d</controlfield>
  <datafield tag="024" ind1="7" ind2=" ">
    <subfield code="a">princeton_aco002054</subfield>
    <subfield code="2">local</subfield>
  </datafield>
  <datafield ind1=" " ind2=" " tag="035">
    <subfield code="a">(OCoLC)48209408</subfield>
  </datafield>
  <datafield ind1=" " ind2=" " tag="035">
    <subfield code="a">(CStRLIN)CTYN00-B2962</subfield>
  </datafield>
  <datafield ind1=" " ind2=" " tag="040">
    <subfield code="a">CtY</subfield>
    <subfield code="c">CtY</subfield>
    <subfield code="d">NjP</subfield>
  </datafield>
  <datafield ind1=" " ind2=" " tag="043">
    <subfield code="a">f-ua---</subfield>
  </datafield>
  <datafield ind1=" " ind2="4" tag="050">
    <subfield code="a">HQ1793</subfield>
    <subfield code="b">.Q3 1999</subfield>
  </datafield>
  <datafield ind1="0" ind2=" " tag="100">
    <subfield code="a">Qāsim Amīn,</subfield>
    <subfield code="d">1863-1908.</subfield>
    <subfield code="0">http://id.loc.gov/authorities/names/n81071671</subfield>
  </datafield>
  <datafield ind1="1" ind2="0" tag="245">
    <subfield code="a">Taḥrīr al-marʾah /</subfield>
    <subfield code="c">taʾlīf Qāsim Amīn.</subfield>
  </datafield>
  <datafield ind1=" " ind2=" " tag="260">
    <subfield code="a">[Cairo ] :</subfield>
    <subfield code="b">al-Majlis al-Aʻlá lil-Thaqāfah,</subfield>
    <subfield code="c">[1999]</subfield>
  </datafield>
  <datafield ind1=" " ind2=" " tag="300">
    <subfield code="a">192 p. ;</subfield>
    <subfield code="c">20 cm.</subfield>
  </datafield>
  <datafield ind1=" " ind2=" " tag="500">
    <subfield code="a">"Ṭabʻah jadīdah bi-munāsabat miʾat ʻām ʻalá ṣudūr al-ṭabʻah al-ūlá."--Cover.</subfield>
  </datafield>
  <datafield ind1=" " ind2=" " tag="500">
    <subfield code="a">"Maṭbūʻāt Muʾtamar Miʾat ʻĀm ʻalá Taḥrīr al-Marʾah al-ʻArabīyah."--P. 3 of cover.</subfield>
  </datafield>
  <datafield ind1=" " ind2=" " tag="534">
    <subfield code="p">Reprint. Originally published:</subfield>
    <subfield code="c">al-Qāhirah : Maktabat al-Taraqqī, 1899.</subfield>
  </datafield>
  <datafield ind1=" " ind2="0" tag="650">
    <subfield code="a">Women's rights</subfield>
    <subfield code="z">Egypt.</subfield>
  </datafield>
  <datafield ind1=" " ind2="0" tag="650">
    <subfield code="a">Women</subfield>
    <subfield code="z">Egypt</subfield>
    <subfield code="x">Social conditions.</subfield>
    <subfield code="0">http://id.loc.gov/authorities/subjects/sh2008113659</subfield>
  </datafield>
  <datafield ind1=" " ind2=" " tag="752">
    <subfield code="a">Egypt</subfield>
    <subfield code="d">Cairo.</subfield>
  </datafield>
  <datafield ind1=" " ind2=" " tag="998">
    <subfield code="s">9114</subfield>
  </datafield>
  <datafield ind1=" " ind2=" " tag="904">
    <subfield code="a">kc</subfield>
    <subfield code="b">a</subfield>
    <subfield code="h">m</subfield>
    <subfield code="c">b</subfield>
    <subfield code="e">20001220</subfield>
  </datafield>
  <datafield ind1=" " ind2=" " tag="902">
    <subfield code="a">kc</subfield>
    <subfield code="c">b</subfield>
    <subfield code="d">v</subfield>
    <subfield code="f">1</subfield>
    <subfield code="s">m</subfield>
    <subfield code="b">m</subfield>
    <subfield code="e">20001220</subfield>
  </datafield>
  <datafield ind1="0" ind2=" " tag="852">
    <subfield code="0">3592925</subfield>
    <subfield code="b">nec</subfield>
    <subfield code="h">HQ1793</subfield>
    <subfield code="i">.Q3 1999</subfield>
  </datafield>
  <datafield ind1=" " ind2=" " tag="959">
    <subfield code="a">2000-12-20 11:09:39 -0400</subfield>
  </datafield>
</record>
